<record><leader>00000cas a2200000 a 4500</leader><controlfield tag="001">11898056</controlfield><controlfield tag="008">850409c19199999ksuwr ne      0   a0eng d</controlfield><datafield ind1=" " ind2=" " tag="010"><subfield code="a">sn 85031086 </subfield></datafield><datafield ind1=" " ind2=" " tag="040"><subfield code="a">KSH</subfield><subfield code="b">eng</subfield><subfield code="c">KSH</subfield><subfield code="d">NPT</subfield><subfield code="d">OCL</subfield><subfield code="d">NVF</subfield><subfield code="d">OCLCQ</subfield></datafield><datafield ind1=" " ind2=" " tag="042"><subfield code="a">msc</subfield></datafield><datafield ind1="0" ind2="4" tag="245"><subfield code="a">The Lindsborg news=record.</subfield></datafield><datafield ind1=" " ind2=" " tag="260"><subfield code="a">Lindsborg, McPherson County, Kan. :</subfield><subfield code="b">Bethany Print. Co.,</subfield><subfield code="c">1919-</subfield></datafield><datafield ind1=" " ind2=" " tag="300"><subfield code="a">v.</subfield></datafield><datafield ind1=" " ind2=" " tag="310"><subfield code="a">Weekly</subfield></datafield><datafield ind1="0" ind2=" " tag="362"><subfield code="a">Vol. 40, no. 38 (June 27, 1919)-</subfield></datafield><datafield ind1=" " ind2=" " tag="525"><subfield code="a">Supplement included: 1922 Almanac with Jan. 6, 1922 issue.</subfield></datafield><datafield ind1=" " ind2=" " tag="752"><subfield code="a">United States</subfield><subfield code="b">Kansas</subfield><subfield code="c">McPherson</subfield><subfield code="d">Lindsborg.</subfield></datafield><datafield ind1="0" ind2="0" tag="780"><subfield code="t">Lindsborg news and the Lindsborg record</subfield><subfield code="w">(DLC)sn 85031085</subfield></datafield><datafield ind1="0" ind2="5" tag="780"><subfield code="t">Gypsum advocate</subfield><subfield code="g">Feb. 1980</subfield><subfield code="w">(DLC)sn 85030798</subfield></datafield></record>